@Misc{OnlineSurvey,
	author = {Harris Poll},
	title = {Online Security Survey},
	year = {2019},
	note = { },
	howpublished="\url{https://services.google.com/fh/files/blogs/google_security_infographic.pdf}"
}
@Misc{2FAStatisitics,
	author = {Doug Bonderud},
	title = {Two-Factor Authentication Statistics},
	year = {2023},
	note = { },
	howpublished="\url{Two-Factor Authentication Statistics | Persona (withpersona.com)}"
}